@manual{Python3Documentation,
   author = "Python Software Foundation",
   title = "Regular expressions operations",
   year = "2012"  
}
% note = "\hfill\break{\tt \url{http://docs.python.org/3.1/library/re.html}} [Online; accessed 26-May-2013]"

@mastersthesis{mojaBak,
  author = "Tatiana Tóthová",
  title = "Moderné regulárne výrazy",
  school = "FMFI UK Bratislava",
  year = "2013",
  type = "Bachelor's Thesis",
  }
  %note = "\hfill\break{\tt \url{https://github.com/Tatianka/bak/blob/master/tothova-bc.pdf?raw=true}} [Online; accessed 22-Nov-2013]"


@article{newResults,
  author = "Keith Ellul and Bryan Krawetz and Jeffrey Shallit and Ming-wei Wang",
  title = "Regular Expressions: New Results and Open Problems",
  journal = "Journal of Automata, Languages and Combinatorics u (v) w, x–y",
  year = "2013"
}

@article{compMeasures75,
  author="Andrzej Ehrenfeucht and Paul Zeiger",
  title="Complexity Measures for Regular Expressions",
  journal = "Computer Science Technical Reports",
  volume = {64},
  year="1975"
}
% note = "\hfill\break{\tt \url{https://digitool.library.colostate.edu///exlibris/dtl/d3_1/apache_media/L2V4bGlicmlzL2R0bC9kM18xL2FwYWNoZV9tZWRpYS8xNjYzMDQ=.pdf}}",
