@manual{Python3Documentation,
   key = "Python documentation",
   organization = "Python Software Foundation",
   title = "Regular expression operations",
   year = "2012",
   note = "http://docs.python.org/2/library/re.html"
}

@mastersthesis{mojaBak,
  author = "Tatiana Tóthová",
  title = "Moderné regulárne výrazy",
  school = "FMFI UK Bratislava",
  year = "2013",
  type = "Bachelor's Thesis",
  note = {https://github.com/Tatianka/bak}
}

@mastersthesis{mojaDip,
  author = "Tatiana Tóthová",
  title = "Moderné regulárne výrazy",
  school = "FMFI UK Bratislava",
  year = "2015",
  type = "Master's Thesis",
  note = {https://github.com/Tatianka/dip}  
}

@article{ExtendedRegexPower,
author = {Câmpeanu, Cezar and Salomaa, Kai and Yu, Sheng},
title = {A formal study of practical regular expressions},
journal = {International Journal of Foundations of Computer Science},
volume = {14},
number = {06},
pages = {1007-1018},
year = {2003},
doi = {10.1142/S012905410300214X},
}
